@incollection{otten2005clausal,
  title={Clausal connection-based theorem proving in intuitionistic first-order logic},
  author={Otten, Jens},
  booktitle={Automated Reasoning with Analytic Tableaux and Related Methods},
  pages={245--261},
  year={2005},
  publisher={Springer}
}

@article{kaliszyk2013hol,
  title={HOL (y) Hammer: Online ATP service for HOL Light},
  author={Kaliszyk, Cezary and Urban, Josef},
  journal={arXiv preprint arXiv:1309.4962},
  year={2013}
}

@article{kaliszyk2014machine,
  title={Machine Learning of Coq Proof Guidance: First Experiments},
  author={Kaliszyk, Cezary and Mamane, Lionel and Urban, Josef},
  journal={arXiv preprint arXiv:1410.5467},
  year={2014}
}

@article{kaliszyk2014learning,
  title={Learning-assisted automated reasoning with Flyspeck},
  author={Kaliszyk, Cezary and Urban, Josef},
  journal={Journal of Automated Reasoning},
  pages={1--41},
  year={2014},
  publisher={Springer}
}

@incollection{kuhlwein2012overview,
  title={Overview and evaluation of premise selection techniques for large theory mathematics},
  author={K{\"u}hlwein, Daniel and van Laarhoven, Twan and Tsivtsivadze, Evgeni and Urban, Josef and Heskes, Tom},
  booktitle={Automated Reasoning},
  pages={378--392},
  year={2012},
  publisher={Springer}
}

@incollection{kuhlwein2013mash,
  title={MaSh: Machine learning for sledgehammer},
  author={K{\"u}hlwein, Daniel and Blanchette, Jasmin Christian and Kaliszyk, Cezary and Urban, Josef},
  booktitle={Interactive Theorem Proving},
  pages={35--50},
  year={2013},
  publisher={Springer}
}

@incollection{urban2011malecop,
  title={MaLeCoP Machine learning connection prover},
  author={Urban, Josef and Vysko{\v{c}}il, Ji{\v{r}}{\'\i} and {\v{S}}t{\v{e}}p{\'a}nek, Petr},
  booktitle={Automated Reasoning with Analytic Tableaux and Related Methods},
  pages={263--277},
  year={2011},
  publisher={Springer}
}
